<?xml version="1.0" encoding="UTF-8"?><collection xmlns="http://www.loc.gov/MARC21/slim"><record><leader>00588nam--2200229-u-4500</leader><controlfield tag="001">000050355</controlfield><controlfield tag="002">20161230</controlfield><controlfield tag="003">81679</controlfield><controlfield tag="005">20161230201048</controlfield><controlfield tag="008">070124s1000------------r-----000-0-eng-d</controlfield><datafield ind1=" " ind2=" " tag="020"><subfield code="a">0471283088</subfield></datafield><datafield ind1=" " ind2=" " tag="040"><subfield code="a">IFIN-HH</subfield></datafield><datafield ind1=" " ind2=" " tag="041"><subfield code="a">eng</subfield></datafield><datafield ind1=" " ind2=" " tag="080"><subfield code="a">530.145</subfield></datafield><datafield ind1="1" ind2=" " tag="100"><subfield code="a">Alter, Orly</subfield></datafield><datafield ind1="1" ind2="0" tag="245"><subfield code="a">Quantum measurement of a single system</subfield><subfield code="c">Orly Alter; Yoshihisa Yamamoto</subfield></datafield><datafield ind1=" " ind2=" " tag="260"><subfield code="a">New York</subfield><subfield code="b">John Wiley &amp; Sons,Inc</subfield><subfield code="c">2001</subfield></datafield><datafield ind1=" " ind2=" " tag="300"><subfield code="a">136 p</subfield></datafield><datafield ind1=" " ind2="4" tag="650"><subfield code="a">Quantum nondemolition</subfield></datafield><datafield ind1="1" ind2=" " tag="700"><subfield code="a">Yamamoto, Yoshihisa</subfield></datafield><datafield ind1=" " ind2=" " tag="852"><subfield code="c">530.14</subfield></datafield><datafield ind1=" " ind2=" " tag="CAT"><subfield code="a">Sys</subfield><subfield code="c">20110324</subfield><subfield code="h">151334</subfield></datafield></record></collection>